@article{comcol97,
	author="Robert Axelrod",
	title="The Complexity of Cooperation: Agent-Based Models of Competition and Collaboration",
	journal="Princeton Univ. Press",
	address="Princeton, NJ",
	year="1997"
}

%	journal="Herm\'{e}s Sciences", (?)

@article{socsci00,
	author="E. Bonabeau",
	editor="G. Ballot and G. Weisbuch",
	title="Application of Simulation to Social Sciences",
	journal="Hermes Sciences",
	address="Paris",
	year="2000",
	pages="451--461"
}

@book{prietula1998simulating,
  title={Simulating organizations: Computational models of institutions and groups},
  author={Prietula, Michael J and Carley, Kathleen M and Gasser, Les},
  year={1998},
  publisher={Mit Press}
}

@article{gomes2019computational,
  title={Computational sustainability: Computing for a better world and a sustainable future},
  author={Gomes, Carla and Dietterich, Thomas and Barrett, Christopher and Conrad, Jon and Dilkina, Bistra and Ermon, Stefano and Fang, Fei and Farnsworth, Andrew and Fern, Alan and Fern, Xiaoli and others},
  journal={Communications of the ACM},
  volume={62},
  number={9},
  pages={56--65},
  year={2019},
  publisher={ACM New York, NY, USA}
}

@article{ddqn16,
	author="Hado V. Hasselt and Arthur Guez and David Silver",
	title="Deep reinforcement learning with double q-learning",
	journal="Thirtieth AAAI Conference on Artificial Intelligence",
	year="2016"
}

@article{rainbow18,
	author="Matteo Hessel and Joseph Modayil and Hado van Hasselt and Tom Schaul and Georg Ostrovski and Will Dabney and Dan Horgan and Bilal Piot and Mohammad Azar and David Silver",
	title="Rainbow: Combining improvements in deep reinforcement learning",
	journal="Thirty-Second AAAI Conference on Artificial Intelligence",
	year="2018"
}

@article{sert2020segregation,
  title={Segregation dynamics with reinforcement learning and agent based modeling},
  author={Sert, Egemen and Bar-Yam, Yaneer and Morales, Alfredo J},
  journal={Scientific reports},
  volume={10},
  number={1},
  pages={1--12},
  year={2020},
  publisher={Nature Publishing Group}
}

@article{shin2016deep,
  title={Deep convolutional neural networks for computer-aided detection: CNN architectures, dataset characteristics and transfer learning},
  author={Shin, Hoo-Chang and Roth, Holger R and Gao, Mingchen and Lu, Le and Xu, Ziyue and Nogues, Isabella and Yao, Jianhua and Mollura, Daniel and Summers, Ronald M},
  journal={IEEE transactions on medical imaging},
  volume={35},
  number={5},
  pages={1285--1298},
  year={2016},
  publisher={IEEE}
}

@article{torrey2009transfer,
  title={Transfer learning},
  author={Torrey, Lisa and Shavlik, Jude},
  journal={Handbook of Research on Machine Learning Applications and Trends: Algorithms, Methods, and Techniques},
  volume={1},
  pages={242},
  year={2009}
}

@inproceedings{sundermeyer2012lstm,
  title={LSTM neural networks for language modeling},
  author={Sundermeyer, Martin and Schl{\"u}ter, Ralf and Ney, Hermann},
  booktitle={Thirteenth Annual Conference of the International Speech Communication Association},
  year={2012}
}

@book{rummery1994line,
  title={On-line Q-learning using connectionist systems},
  author={Rummery, Gavin A and Niranjan, Mahesan},
  volume={37},
  year={1994},
  publisher={University of Cambridge, Department of Engineering}
}

@inproceedings{abadi16,
  title={TensorFlow: A System for Large-Scale Machine Learning.},
  author={Abadi, Mart{\'\i}n and Barham, Paul and Chen, Jianmin and Chen,
					Zhifeng and Davis, Andy and Dean, Jeffrey and Devin, Matthieu 
					and Ghemawat, Sanjay and Irving, Geoffrey and Isard, Michael 
					and others},
  booktitle={OSDI},
  volume={16},
  pages={265--283},
  year={2016}
}

@article{rampasek16,
  title={Tensorflow: Biology gateway to deep learning?},
  author={Rampasek, Ladislav and Goldenberg, Anna},
  journal={Cell systems},
  volume={2},
  number={1},
  pages={12--14},
  year={2016},
  publisher={Elsevier}
}

@article{zia17,
author={Zia, Asim and Low, Ciara and Shaw, Danielle},
title={Hedonic Value of Water Quality in Lake Champlain Basin:
			 A Multi-Level Modeling Approach},
journal={Ecological Economics},
year={2017}
}

@article {zia16,
author={Zia, Asim and Bomblies, Arne and Schroth, Andrew W and
				Koliba, Christopher and Isles, Peter D F and Tsai, Yushiou and
				Mohammed, Ibrahim N and Bucini, Gabriela and Clemins, Patrick J
				and Turnbull, Scott and Rodgers, Morgan and Hamed, Ahmed and
				Beckage, Brian and Winter, Jonathan and Adair, Carol and
				Galford, Gillian L and Rizza, Donna and Van Houten, Judith},
title={Coupled impacts of climate and land use change across a river-lake
			 continuum: insights from an integrated assessment model of
			 Lake Champlain's Missisquoi Basin, 2000--2040},
journal={Environmental Research Letters},
volume={11},
number={11},
url={http://iopscience.iop.org/article/10.1088/1748-9326/11/11/114026/pdf},
doi={10.1088/1748-9326/11/11/114026},
year={2016}
}

@article{hong09,
	title={Connecting the ecological-economic dots in human-dominated
				 watersheds: Models to link socio-economic activities on the
				 landscape to stream ecosystem health},
	author={Hong, Bongghi and Limburge, Karin E and Erickson, Jon D and
					Gowdy, John M and Nowosielski, Audra A and Polimeni, John M
					and Stainbrook, Karen M},
	journal={Landscape and Urban Planning},
	volume={91},
	issue={2},
	pages={78--87},
	date={15},
	month={June},
	year={2009},
	publisher={Elsevier}
}

@article{schelling1971dynamic,
  title={Dynamic models of segregation},
  author={Schelling, Thomas C},
  journal={Journal of mathematical sociology},
  volume={1},
  number={2},
  pages={143--186},
  year={1971},
  publisher={Taylor \& Francis}
}

@inproceedings{reynolds1987flocks,
  title={Flocks, herds and schools: A distributed behavioral model},
  author={Reynolds, Craig W},
  booktitle={Proceedings of the 14th annual conference on Computer graphics and interactive techniques},
  pages={25--34},
  year={1987}
}

@article{axelrod1981evolution,
  title={The evolution of cooperation},
  author={Axelrod, Robert and Hamilton, William D},
  journal={science},
  volume={211},
  number={4489},
  pages={1390--1396},
  year={1981},
  publisher={American Association for the Advancement of Science}
}

@article{anderson1972more,
  title={More Is Different: Broken symmetry and the nature of the hierarchical structure of science.},
  author={Anderson, Philip W},
  journal={Science},
  volume={177},
  number={4047},
  pages={393--396},
  year={1972},
  publisher={American Association for the Advancement of Science}
}

@article{machinery1950computing,
  title={Computing machinery and intelligence-AM Turing},
  author={Machinery, Computing},
  journal={Mind},
  volume={59},
  number={236},
  pages={433},
  year={1950}
}

@article{dayan92,
  title={The convergence of TD ($\lambda$) for general $\lambda$},
  author={Dayan, Peter},
  journal={Machine learning},
  volume={8},
  pages={341--362},
  year={1992},
  publisher={Springer}
}

@article{minsky61,
  title={Steps toward artificial intelligence},
  author={Minsky, Marvin},
  journal={Proceedings of the IRE},
  volume={49},
  number={1},
  pages={8--30},
  year={1961},
  publisher={IEEE}
}

@article{samuel1959some,
  title={Some studies in machine learning using the game of checkers},
  author={Samuel, Arthur L},
  journal={IBM Journal of research and development},
  volume={3},
  number={3},
  pages={210--229},
  year={1959},
  publisher={IBM}
}
